<record><leader>00000cas a22000007a 4500</leader><controlfield tag="001">26731409</controlfield><controlfield tag="008">921006d19411984ncucr ne      0    0eng d</controlfield><datafield ind1=" " ind2=" " tag="010"><subfield code="a">sn 92073198 </subfield></datafield><datafield ind1=" " ind2=" " tag="040"><subfield code="a">NVJ</subfield><subfield code="b">eng</subfield><subfield code="c">NVJ</subfield><subfield code="d">OCLCQ</subfield><subfield code="d">OCLCF</subfield><subfield code="d">OCLCO</subfield></datafield><datafield ind1="1" ind2=" " tag="029"><subfield code="a">AU@</subfield><subfield code="b">000020738930</subfield></datafield><datafield ind1=" " ind2=" " tag="042"><subfield code="a">msc</subfield></datafield><datafield ind1=" " ind2=" " tag="043"><subfield code="a">n-us-nc</subfield></datafield><datafield ind1="0" ind2=" " tag="130"><subfield code="a">Nashville graphic (Nashville, N.C. : 1941)</subfield></datafield><datafield ind1="1" ind2="4" tag="245"><subfield code="a">The Nashville graphic.</subfield></datafield><datafield ind1=" " ind2=" " tag="260"><subfield code="a">Nashville, N.C. :</subfield><subfield code="b">Samuel Hunter Austin</subfield></datafield><datafield ind1=" " ind2=" " tag="300"><subfield code="a">v.</subfield></datafield><datafield ind1=" " ind2=" " tag="310"><subfield code="a">Semiweekly,</subfield><subfield code="b">Oct. 2, 1973-Dec. 27, 1984</subfield></datafield><datafield ind1=" " ind2=" " tag="321"><subfield code="a">Weekly,</subfield><subfield code="b">May 8, 1941-Sept. 27, 1973</subfield></datafield><datafield ind1="0" ind2=" " tag="362"><subfield code="a">47th yr., no. 15 (May 8, 1941)-47th yr., no. 32 (Aug. 7, 1941) ; v. 47, no. 33 (Aug. 14, 1941)-v. 90, no. 102 (Dec. 27, 1984).</subfield></datafield><datafield ind1=" " ind2="0" tag="651"><subfield code="a">Nashville (N.C.)</subfield><subfield code="v">Newspapers.</subfield></datafield><datafield ind1=" " ind2="0" tag="651"><subfield code="a">Nash County (N.C.)</subfield><subfield code="v">Newspapers.</subfield></datafield><datafield ind1=" " ind2="7" tag="655"><subfield code="a">Newspapers.</subfield><subfield code="2">fast</subfield><subfield code="0">(OCoLC)fst01423814</subfield></datafield><datafield ind1=" " ind2="7" tag="651"><subfield code="a">North Carolina</subfield><subfield code="z">Nash County.</subfield><subfield code="2">fast</subfield><subfield code="0">(OCoLC)fst01206565</subfield></datafield><datafield ind1=" " ind2="7" tag="651"><subfield code="a">North Carolina</subfield><subfield code="z">Nashville.</subfield><subfield code="2">fast</subfield><subfield code="0">(OCoLC)fst01215323</subfield></datafield><datafield ind1=" " ind2=" " tag="752"><subfield code="a">United States</subfield><subfield code="b">North Carolina</subfield><subfield code="c">Nash</subfield><subfield code="d">Nashville.</subfield></datafield><datafield ind1="0" ind2="0" tag="780"><subfield code="t">Graphic (Nashville, N.C. : 1895)</subfield><subfield code="w">(DLC)sn 92073197</subfield></datafield><datafield ind1="0" ind2="0" tag="785"><subfield code="t">Graphic (Nashville, N.C. : 1985)</subfield><subfield code="w">(DLC)sn 97064562</subfield><subfield code="w">(OCoLC)13222839</subfield></datafield></record>